@article{johnson2012biomedical,
    title="{Biomedical Visual Computing: Case Studies and Challenges}",
    author="{Johnson, C.R.}",
    journal="{Computing in Science \& Engineering}",
    volume={14},
    number={1},
    pages={12--21},
    year={2012},
    publisher={IEEE},
}

@inproceedings{sur2006high,
    title="{High-performance and scalable MPI over InfiniBand with reduced
    memory usage: an in-depth performance analysis}",
    author="{Sur, Sayantan and Koop, Matthew J and Panda, Dhabaleswar K}",
    booktitle="{Proceedings of the 2006 ACM/IEEE conference on
    Supercomputing}",
    pages={105},
    year={2006},
    organization={ACM}
}

@article{dean2001mapreduce,
    title="{MapReduce: Simplified Data Processing on Large Clusters, OSDI'04:
    Sixth Symposium on Operating System Design and Implementation, San
    Francisco, CA, December, 2004}",
    author="{Dean, Jeffrey and Ghemawat, Sanjay}",
    journal="{S. Dill, R. Kumar, K. McCurley, S. Rajagopalan, D. Sivakumar, ad
    A. Tomkins, Self-Similarity in the Web, Proc VLDB}",
    year={2004}
}

@incollection{dias2011hpc,
    title="{HPC Environment Management: New Challenges in the Petaflop Era}",
    author="{Dias, Jonas and Aveleda, Albino}",
    booktitle="{High Performance Computing for Computational Science--VECPAR
    2010}",
    pages={293--305},
    year={2011},
    publisher={Springer}
}

@inproceedings{luo2011hierarchical,
    title="{A Hierarchical Framework for Cross-Domain MapReduce Execution}",
    author="{Luo, Yuan and Guo, Zhenhua and Sun, Yiming and Plale, Beth and
    Qiu, Judy and Li, Wilfred W}",
    booktitle="{Proceedings of the Second International Workshop on Emerging
    Computational Methods for the Life Sciences}",
    pages={15--22},
    year={2011},
    organization={ACM}
}

@inproceedings{hindman2009common,
    title="{A Common Substrate for Cluster Computing}",
    author="{Hindman, Benjamin and Konwinski, Andy and Zaharia, Matei and
    Stoica, Ion}",
    booktitle="{Workshop on Hot Topics in Cloud Computing (HotCloud)}",
    volume={2009},
    year={2009}
}

@inproceedings{hadri2010identifying,
    title="{Identifying Software Usage at HPC Centers with the Automatic
    Library Tracking Database}",
    author="{Hadri, Bilel and Fahey, Mark and Jones, Nick}",
    booktitle="{Proceedings of the 2010 TeraGrid Conference}",
    pages={8},
    year={2010},
    organization={ACM}
}

@inproceedings{parker2008lightweight,
    title="{A Lightweight Web Interface to Grid Scheduling Systems}",
    author="{Parker, Christopher and Suleman, Hussein}",
    booktitle="{Proceedings of the 2008 Annual Research Conference of the South
    African Institute of Computer Scientists and Information Technologists on
    IT Research in Developing Countries: Riding the Wave of Technology}",
    pages={180--187},
    year={2008},
    organization={ACM}
}

@inproceedings{hindman2011mesos,
    title="{Mesos: A Platform for Fine-Grained Resource Sharing in the Data
    Center}",
    author="{Hindman, Benjamin and Konwinski, Andy and Zaharia, Matei and
    Ghodsi, Ali and Joseph, Anthony D and Katz, Randy and Shenker, Scott and
    Stoica, Ion}",
    booktitle="{Proceedings of the 8th USENIX Conference on Networked Systems
    Design and Implementation}",
    pages={22--22},
    year={2011},
    organization={USENIX Association}
}

@misc{website:MPI-Tutorial,
    author="Wes",
    title="{A Comprehensive MPI Tutorial Reference}",
    howpublished="\url{http://www.mpitutorial.com/}",
    year="2012"
}
@misc{website:mpi-4-python,
    author="{Lisandro Dalcin}",
    title="{MPI for Python}",
    year="2012",
    month="Janurary",
    howpublished="\url{http://mpi4py.scipy.org/docs/usrman/index.html}"
}

@misc{website:Apache-Hadoop,
    title="{Apache Hadoop}",
    year="2013",
    month="April",
    howpublished="\url{http://hadoop.apache.org/}"
}

@misc{website:Hadoop-Wiki,
    title="{Hadoop Project Description}",
    year="2013",
    month="April",
    howpublished="\url{http://wiki.apache.org/hadoop/ProjectDescription}"
}

@misc{website:Hadoop-Wiki-map,
    title="{MapReduce}",
    year="2013",
    month="April",
    howpublished="\url{http://wiki.apache.org/hadoop/MapReduce}"
}

@misc{website:youtube_gpudirect,
    title="{GPU-Direct Accelerating GPU Cluster Performance}",
    year="2010",
    month="May",
    howpublished="\url{http://www.youtube.com/watch?v=o5Ir93SA8ZE}"
}

@misc{website:Computer-Science-and-Division,
    title="{Computer Science and Division - {PVM}: Parallel Virtual Machine}",
    year="2013",
    month="April",
    howpublished="\url{http://www.csm.ornl.gov/pvm/}"
}

@misc{website:Message-Passing-Interface-Forum,
    title="{MPI: A Message Passing Interface Standard}",
    year="1995",
    month="June",
    howpublished="\url{http://www.mpi-forum.org/}"
}

@misc{website:openmpi,
    title="{Open MPI}",
    year="2013",
    howpublished="\url{http://www.open-mpi.org/}"
}

@misc{website:Message-Passing-Interface,
    title="{MPI-2: Extensions to the Message Passing Interface}",
    year="1997",
    month="July",
    howpublished="\url{http://www.mpiforum.org/}"
}

@misc{website:Apress,
    author="{J. Venner}",
    title="{Pro Hadoop}",
    year="2009",
    month="June",
    howpublished="\url{http://www.apress.com/}"
}

@misc{website:TORQUE-Resource-Manager,
    title="{TORQUE Resource Manager-Adaptive Computing}",
    year="2013",
    month="May",
    howpublished="\url{http://www.adaptivecomputing.com/products/open-source/torque/}"
}
#cited
@misc{website:cudaCProgrammingGuide,
    title="{CUDA C Programming Guide}",
    year="2013",
    month="May",
    howpublished="\url{http://docs.nvidia.com/cuda/pdf/CUDA_C_Programming_Guide.pdf}"
}
@misc{website:whatcuda,
    title="What is {CUDA}",
    year="2013",
    howpublished="\url{https://developer.nvidia.com/what-cuda}"
}
#cited
@incollection{erdt2008automatic,
    title="{Automatic hepatic vessel segmentation using graphics
    hardware}",
    author="{Erdt, Marius and Raspe, Matthias and Suehling, Michael}",
    booktitle="{Medical Imaging and Augmented Reality}",
    pages={403--412},
    year={2008},
    publisher={Springer}
}
#done
@inproceedings{anderson2004boinc,
    title="{BOINC: A System for Public-Resource Computing and Storage}",
    author={Anderson, David P},
    booktitle="{Grid Computing, 2004. Proceedings. Fifth IEEE/ACM International
    Workshop on}",
    pages={4--10},
    year={2004},
    organization={IEEE}
}
#cited
@article{shvachko2011apache,
    title="{Apache Hadoop: The Scalability Update}",
    author="{Shvachko, Konstantin V}",
    journal="{;login: The Magazine of USENIX}",
    volume={36},
    pages={7--13},
    year={2011}
}

@article{barneshut1986,
    title="{A hierarchical O(N log N) force-calculation algorithm}",
    author="{Barnes, Josh and Hit, Piet}",
    journal="{Nature}",
    year={1986},
    %volume={324},
    %note={10.1038/324446a0},
}
@misc{website:pycuda,
    title="{PyCUDA Documentation}",
    author="{Andreas Kloechner}",
    year="2008"
}
